%
%
%
%
%
% Joerg Baumgart
%
%
% ein paar Literatureintr\"age zum Thema Wissenschaftliches Arbeiten


@book{RW:EPL,
author = {Renate Weisse},
title = {Erfindungen, Patente, Lizenzen - Ratgeber für die Praxis},
shorttitle = {Erfindungen, Patente, Lizenzen},
publisher = {Springer Vieweg},
address= {Berlin},
year = {2014},
edition = {4.},
isbn = {978-3-642-41983-3}
}

@book{SVH:ITR,
author = {Axel Sodtalbers, Christian Volkmann and Andreas Heise},
title = {IT-Recht Software-Recht E-Commerce-Recht Datenschutz-Recht},
shorttitle = {IT-Recht},
publisher = {W3L AG},
address= {Witten},
year = {2010},
edition = {1.},
isbn = {978-3-937137-58-2}
}

@misc{AB:EULA,
author = {Fred Andresen and	Ulrich Bantle},
title = {Fallstricke im End User License Agreement - Ich seh dich nicht},
shorttitle = {Fallstricke im End User License Agreement},
year = {2007},
url = {http://www.linux-magazin.de/Ausgaben/2007/03/Ich-seh-dich-nicht},
urldate = {28.12.2015}
}

@WWW{CW:Oracle,
author = {Martin Bayer},
title = {BGH umgeht Entscheidung zu Gebrauchtsoftware},
shorttitle = {Oracle vs Usedsoft},
year = {2013},
url = {http://www.computerwoche.de/a/bgh-umgeht-entscheidung-zu-gebrauchtsoftware2542803},
urldate = {28.12.2015}
}

@WWW{SO:SAP,
author = {{Spiegel Online}},
title = {Niederlage vor Gericht: SAP darf Handel mit Gebraucht-Software nicht verbieten},
shorttitle = {SAP darf Handel mit Gebraucht-Software nicht verbieten},
year = {2013},
url = {http://www.spiegel.de/wirtschaft/unternehmen/gericht-sap-darf-handel-mit-gebrauchtsoftware-nicht-verbieten-a-930096.html},
urldate = {29.12.2015}
}

@WWW{GS:Urteile,
author = {gebrauchtesoftware.de},
title = {Urteile},
shorttitle = {Urteile},
year = {2015},
url = {http://gebrauchtesoftware.de/blog/urteile},
urldate = {29.12.2015}
}

@WWW{GS:Warum,
author = {gebrauchtesoftware.de},
title = {Warum gebrauchte Software?},
shorttitle = {Warum gebrauchte Software?},
year = {2015},
url = {http://gebrauchtesoftware.de/blog/warum},
urldate = {29.12.2015}
}

@WWW{GS:Gesetze,
author = {gebrauchtesoftware.de},
title = {Gesetze},
shorttitle = {Gesetze},
year = {2012},
url = {http://gebrauchtesoftware.de/blog/rechtliche-grundlagen},
urldate = {29.12.2015}
}

@misc{BGH:micro,
author = {{BGH-Urteil vom 06.07.2000}},
title = {OEM-Sotware},
shorttitle = {I ZR 244/97}
}

@misc{EuGH:oracle,
author = {{EuGH-Urteil vom 03.07.2012}},
title = {Oracle vs Usedsoft},
shorttitle = {C 128/11}
}

@WWW{GNU:FSDef,
author = {gnu.org},
title = {Freie Software. Was ist das?},
shorttitle = {Freie-Software-Definition},
year = {2015},
url = {https://www.gnu.org/philosophy/free-sw},
urldate = {29.12.2015}
}

@WWW{GNU:CPLeftDef,
author = {gnu.org},
title = {Copyleft. Was ist das?},
shorttitle = {Copyleft},
year = {2015},
url = {http://www.gnu.org/copyleft/copyleft},
urldate = {01.01.2015}
}

@WWW{HEISE:OSL,
author = {Alexandra Kleijn},
title = {Open-Source-Lizenzen},
shorttitle = {Open-Source-Lizenzen},
year = {2006},
url = {http://heise.de/-221957},
urldate = {02.01.2015}
}

@book{OREILLY:GPL,
  title={Die GPL kommentiert und erkl{\"a}rt},
  author={Institut f{\"u}r Rechtsfragen der Freien und Open Source Software (M{\"u}nchen) and M{\"u}nchen Institut f{\"u}r Rechtsfragen der Freien und Open Source Software},
  isbn={9783897213890},
  year={2005},
  publisher={O'Reilly}
}
% url={https://books.google.de/books?id=Sg1qFXtVaNUC},


@book {DIRK:Recht,
author = {Otto, Dirk},
title = {Recht für Softwareentwickler: [Einstieg in die Selbständigkeit; Verträge Versicherungen, Steuern; Schutz des Quellcodes]},
address = {Bonn},
year = {2006},
publisher = {Galileo Press},
pages = {431 S.},
edition = {1. Aufl.,[ Ausg. 2006]},
ISBN = {3-89842-606-8},
}
% URL = {http://swbplus.bsz-bw.de/bsz116068566inh.htm},
% URL = {http://deposit.ddb.de/cgi-bin/dokserv?id=2753324&prov=M&dok_var=1&dok_ext=htm},

@WWW{SFC:VMW,
author = {sfconservancy.org},
title = {Christoph Hellwig Continues VMware GPL Enforcement},
shorttitle = {Christoph Hellwig Continues VMware GPL Enforcement Suit in Germany},
year = {2015},
url = {https://sfconservancy.org/news/2015/oct/28/vmware-update/},
urldate = {02.01.2015}
}

@WWW{DF:HAFT,
author = {Decker, Florian},
title = {Softwarentwickler: Haftung für Open-Source Software auf Basis der GPL},
shorttitle = {Softwarentwickler: Haftung für Open-Source Software auf Basis der GPL},
year = {2013},
url = {http://blog-it-recht.de/2013/01/24/softwarentwickler-haftung-fur-open-source-software-auf-basis-der-gpl/},
urldate = {03.01.2015}
}

@WWW{BB:USAGE,
author = {Balter, Ben},
title = {Open source license usage on GitHub.com},
shorttitle = {Open source license usage on GitHub.com},
year = {2015},
url = {https://github.com/blog/1964-open-source-license-usage-on-github-com},
urldate = {03.01.2015}
}

@WWW{LC:MIT,
author = {{MIT}},
title = {The MIT License (MIT)},
shorttitle = {The MIT License (MIT)},
year = {o.\,J.},
url = {http://opensource.org/licenses/MIT},
urldate = {03.01.2015}
}

@WWW{LC:GNU2,
author = {{Free Software Foundation, Inc}},
title = {GNU GENERAL PUBLIC LICENSE},
shorttitle = {GNU GENERAL PUBLIC LICENSE},
year = {1991},
url = {http://www.gnu.org/licenses/old-licenses/gpl-2.0},
urldate = {03.01.2015}
}

@WWW{LC:GNU3,
author = {{Free Software Foundation, Inc}},
title = {GNU GENERAL PUBLIC LICENSE},
shorttitle = {GNU GENERAL PUBLIC LICENSE},
year = {2007},
url = {http://www.gnu.org/licenses/gpl},
urldate = {03.01.2015}
}

@WWW{LC:APACHE,
author = {{The Apache Software Foundation}},
title = {Apache License Version 2.0},
shorttitle = {Apache License Version 2.0},
year = {2004},
url = {http://www.apache.org/licenses/LICENSE-2.0},
urldate = {03.01.2015}
}

@WWW{LC:BSD,
author = {{University of California, Berkeley}},
title = {The BSD 3-Clause License},
shorttitle = {The BSD 3-Clause License},
year = {1998},
url = {https://opensource.org/licenses/BSD-3-Clause},
urldate = {03.01.2015}
}

@WWW{RS:UPDATE,
author = {Stallman, Richard},
title = {Why Upgrade to GPLv3},
shorttitle = {Why Upgrade to GPLv3},
year = {2014},
url = {http://www.gnu.org/licenses/rms-why-gplv3},
urldate = {03.01.2015}
}
%=====================================================================


@misc{DHBW:SG,
author = {{Duale Hochschule Baden-W\"urttemberg}},
title = {Corporate Design},
shorttitle = {Corporate Design},
year = {2009},
howpublished = {Moodle Kursraum 10SWMA -- Wiss.\ Arbeiten, DHBW Mannheim},
note = {\texttt{styleguide-DHBW\_CDM\_090610\_kap1-1.3.pdf}}
}

@misc{DHBW:SG09,
author = {{Duale Hochschule Baden-W\"urttemberg}},
title = {Corporate Design},
shorttitle = {Corporate Design},
year = {2009},
howpublished = {Moodle Kursraum WWI09SWB -- Organisation, DHBW Mannheim},
note = {\texttt{styleguide-DHBW\_CDM\_090610\_kap1-1.3.pdf}}
}

@book{KM:KS,
author = {Markus Kohm and Jens-Uwe Morawski},
title = {KOMA-Script: Eine Sammlung von Klassen und Paketen f\"ur \LaTeXe},
shorttitle = {KOMA-Script},
publisher = {Lehmanns Media},
address= {Berlin},
year = {2009},
edition = {3.},
isbn = {978-3-86541-291-1}
}



@book{KM:KS4,
author = {Markus Kohm and Jens-Uwe Morawski},
title = {KOMA-Script: Eine Sammlung von Klassen und Paketen f\"ur \LaTeXe},
shorttitle = {KOMA-Script},
publisher = {Lehmanns Media},
address= {Berlin},
year = {2012},
edition = {4.},
isbn = {978-3-86541-459-5}
}


@WWW{KM:Anl,
author = {Markus Kohm and Jens-Uwe Morawski},
title = {Die Anleitung: KOMA-Script, 2012-07-22},
shorttitle = {Anleitung KOMA-Script},
year = {2012},
url = {http://www.ctan.org/pkg/koma-script},
urldate = {21.04.2013},
note = {scrguide.pdf}
}

@book{Dud06,
editor = {Dudenredaktion},
title = {DUDEN -- Die deutsche Rechtschreibung},
shorttitle = {Duden},
publisher = {Bibliographisches Institut \& F.\ A.\ Brockhaus AG},
address= {Mannheim},
year = {2006},
edition = {24},
isbn = {978-3-411-04014-9}
}

@book{Dud09,
editor = {Dudenredaktion},
title = {DUDEN -- Die deutsche Rechtschreibung},
shorttitle = {Duden},
publisher = {Bibliographisches Institut \& F.\ A.\ Brockhaus AG},
address= {Mannheim},
year = {2009},
edition = {25},
isbn = {978-3-411-04015-5}
}


@book{Bri:WA,
author = {Alfred Brink},
title = {Anfertigung wissenschaftlicher Arbeiten -- Ein prozessorientierter Leitfaden zur
Erstellung von Bachelor-, Master- und Diplomarbeiten in acht Lerneinheiten},
shorttitle = {Anfertigung wissenschaftlicher Arbeiten},
publisher = {Oldenbourg Verlag},
address= {M\"unchen Wien},
year = {2007},
edition = {3.},
isbn = {978-3-486-58512-4}
}

@book{RP:WA,
author = {Wolfram E. Rossig and Joachim Pr\"atsch},
title = {Wissenschaftliche Arbeiten -- Leitfaden f\"ur Haus- und Seminararbeiten, Bachelor- und Masterthesis, Diplom- und Magisterarbeiten, Dissertationen},
shorttitle = {Wissenschaftliches Arbeiten},
publisher = {TEAMDRUCK},
address= {Weyhe},
year = {2006},
edition = {6.},
note = {ISBN-10: 3-9810012-2-2}
}

@book{Sch:WAS,
author = {Joachim Schlosser},
title = {Wissenschaftliche Arbeiten schreiben mit \LaTeX{}: Leitfaden f\"ur Einsteiger},
shorttitle = {Wissenschaftliche Arbeiten mit \LaTeX{}},
publisher = {mitp},
address= {Heidelberg},
year = {2009},
edition = {3.},
isbn = {978-3-8266-5892-1}
}

@book{Sch:WAS4,
author = {Joachim Schlosser},
title = {Wissenschaftliche Arbeiten schreiben mit \LaTeX{}: Leitfaden f\"ur Einsteiger},
shorttitle = {Wissenschaftliche Arbeiten mit \LaTeX{}},
publisher = {mitp},
address= {Heidelberg},
year = {2011},
edition = {4.},
isbn = {978-3-8266-9102-7}
}

@book{BSS:WA,
author = {Helmut Balzert and Christian Sch\"afer and Marion Schr\"oder and Uwe Kern},
title = {Wissenschaftliches Arbeiten: Wissenschaft, Quellen, Artefakte, Organisation, Pr\"asentation},
shorttitle = {Wissenschaftliches Arbeiten},
publisher = {W3L-Verlag},
address= {Herdecke, Witten},
year = {2008},
isbn = {978-3-937137-59-9}
}

@book{Kor:WA,
author = {Martin Kornmeier},
shorttitle = {Wissenschaftstheorie und wissenschaftliches Arbeiten},
title = {Wissenschaftstheorie und wissenschaftliches Arbeiten: Eine Einf\"uhrung f\"ur Wirtschaftswissenschaftler},
publisher = {Physica-Verlag},
address = {Heidelberg},
year = {2007},
isbn = {978-3-7908-1918-2}
}



@book{MK:GWA,
author = {Matthias Karmasin and Rainer Ribing},
title =  {Die Gestaltung wissenschaftlicher Arbeiten: Ein Leitfaden f\"ur Seminararbeiten, Bachelor-, Master- und Magisterarbeiten, Diplomarbeiten und Dissertationen},
shorttitle={Gestaltung wissenschaftlicher Arbeiten},
publisher = {UTB},
year = {2009},
edition = {4.},
isbn = {978-3-8252-2774-6}
}

@book{ADG:WA,
author = {Ulrich Andermann and Martin Drees and Frank Gr\"atz},
title = {Duden. Wie verfasst man wissenschaftliche Arbeiten? Ein Leitfaden f\"ur das Studium
und die Promotion},
shorttitle={Verfassen wissenschaftlicher Arbeiten},
publisher = {Dudenverlag},
year = {2006},
edition = {4.},
isbn = {978-3-411-05113-7}
}

@book{Rec:TS,
author = {Peter Rechenberg},
title = {Technisches Schreiben -- (nicht nur) f\"ur Informatiker},
shorttitle={Technisches Schreiben},
publisher = {Carl Hanser Verlag},
address = {M\"unchen},
year = {2006},
edition = {3.},
isbn = {978-3-446-40695-7}
}


@book{The:WA,
author = {Manuel Ren\'{e} Theisen},
title = {Wissenschaftliches Arbeiten: Technik -- Methodik -- Form},
shorttitle = {Wissenschaftliches Arbeiten},
publisher = {Vahlen},
year = {2009},
note = {Limitierte Jubil\"aumsausgabe},
isbn = {978-3-8006-3669-3}
}


@book{BA:WA,
author = {Axel B\"ansch and Dorothea Alewell},
title = {Wissenschaftliches Arbeiten},
shorttitle = {Wissenschaftliches Arbeiten},
publisher = {Oldenbourg Verlag},
address = {M\"unchen},
edition = {10.},
year = {2009},
isbn = {978-3-4865-9090-6}
}


@article{Dij:CRT,
author = {Edsger W. Dijkstra},
title = {On the Cruelty of Really Teaching Computer Science},
shorttitle={Teaching Computer Science},
journal = {Communications of the ACM (CACM)},
year = {1989},
volume = {32},
number = {12},
pages = {1398-1404}
}

@article{BC:Cur,
author = {Lena Bonsiepen and Wolfgang Coy},
title = {Eine Curriculardebatte},
shorttitle={Curriculardebatte},
journal = {Informatik-Spektrum},
year = {1992},
volume = {15},
number = {6},
pages = {323-325}
}

@article{Par:ECP,
author = {David L. Parnas},
title = {Education for Computing Professionals},
shorttitle={Education},
journal = {IEEE Computer},
year = {1990},
volume = {23},
number = {1},
pages = {17-22}
}

@article{Bro:SBE,
author = {Frederick P. Brooks},
shorttitle={No Silver Bullet-Essence},
title = {No Silver Bullet-Essence and Accidents of Software Engineering},
journal = {IEEE Computer},
year = {1987},
volume = {20},
number = {4},
pages = {10-19}
}

@article{GI:ADI,
author = {{Gesellschaft f\"ur Informatik}},
title = {Ausbildung von Diplominformatikern an wissenschaftlichen Hochschulen --
         Empfehlungen der Gesellschaft f\"ur Informatik},
shorttitle = {Ausbildung Diplominformatiker},
journal = {Informatik-Spektrum},
month = Jun,
year = {1985},
pages = {164-165}
}

@misc{GI:AZI,
author = {{Gesellschaft f\"ur Informatik}},
title = {Aufgaben und Ziele der Informatik},
shorttitle = {Aufgaben und Ziele der Informatik},
howpublished = {Arbeitspapier der Gesellschaft f\"ur Informatik},
month = Oct,
year = {1987},
note = {Bonn}
}

@article{Den:CD,
author = {Peter J. Denning and Douglas E. Comer and David Gries and Michael C. Mulder and Allan Tucker and A. Joe Turner and Paul R. Young},
title = {Computing as a Disciplin},
shorttitle = {Computing as a Disciplin},
journal = {Communications of the ACM (CACM)},
month = Jan,
year = {1989},
pages = {9-23}
}



@book{LMS:Icb,
editor = {Werner Langenheder and G{\"u}nter M{\"u}ller and Britta Schinzel},
title = {Informatik cui bono? GI-FB 8 Fachtagung, Freiburg, 23.-26. September 1992},
shorttitle = {Informatik -- cui bono?},
series    = {Informatik Aktuell},
publisher = {Springer},
year = {1992},
isbn  = {3-540-55957-4}
}


@inproceedings{Fre:SIF,
editor = {Klaus G. Troitzsch},
author = {J\"urgen Freytag},
booktitle = {Informatik als Schl\"ussel zur Qualifikation},
title = {Das Studium der Informatik an Fachhochschulen},
shorttitle = {Informatikstudium Fachhochschulen},
publisher = {Springer Verlag},
series = {Informatik Aktuell},
year = {1993},
pages = {55-63}
}

@inproceedings{Roy:MDL,
author = {Winston W. Royce},
title  = {Managing the Development of Large Software Systems},
shorttitle = {Wasserfallmodell},
booktitle = {Proc. IEEE WESTCON (Nachdruck in: Proceedings of the 9th
International Conference on Software Engineering, Seiten 328-338,
Monterey, USA, 1987)},
year = {1970},
address = {Los Angeles, USA},
pages = {1-9}
}

@WWW{Ber:Hoj,
author = {Jens Berger},
title = {Home of jurabib},
shorttitle = {jurabib},
year = {2004},
url = {http://www.ctan.org/pkg/jurabib},
urldate = {05.12.2012}
}

@WWW{GKN,
author = {{o. V.}},
title = {Googles Knowledge Graph f\"ur Deutschland},
shorttitle = {Googles Knowledge Graph},
year= {2012},
url = {http://www.heise.de/newsticker/meldung/Googles-Knowledge-Graph-fuer-Deutschland-1762274.html},
urldate = {05.12.2012}
}

@WWW{Kuh:Bch,
author = {Tobias Kuhn},
title = {bchart: Simple Bar Charts in \LaTeX},
shorttitle = {Balkendiagramme},
year = {2012},
url = {http://www.ctan.org/tex-archive/macros/latex/contrib/bchart},
urldate = {16.12.2012}
}

@WWW{Tan:tik,
author = {Till Tantau},
title = {Systementwicklungen},
shorttitle = {\TikZ},
year = {2012},
url = {http://www.tcs.uni-luebeck.de/de/mitarbeiter/tantau/forschung/software/},
urldate = {16.12.2012}
}

@WWW{FT:tik,
author = {Christian Feuers\"anger and Till Tantau},
title = {PGF ind TikZ -- Grafic systems for TeX},
shorttitle = {PGF und \TikZ},
year = {2012},
url = {http://sourceforge.net/projects/pgf},
urldate = {16.12.2012}
}

@WWW{Tan:man,
author = {Till Tantau},
title = {The Ti\textsl{k}Z and \textsc{pgf} Packages -- Manual for version 2.10},
shorttitle = {\TikZ{} Manual},
year = {2010},
url = {http://tug.ctan.org/tex-archive/graphics/pgf/base/doc/generic/pgf},
urldate = {16.12.2012}
}

@WWW{HM:lis,
author = {Carsten Heinz and Brooks Moses},
title = {The \textsf{Listings} Package -- Version 1.4},
shorttitle = {Listings Paket},
year = {2007},
url = {http://www.ctan.org/tex-archive/macros/latex/contrib/listings},
urldate = {16.12.2012}
}

@WWW{BJ:sup,
author = {Johannes Braams and Theo Jurriens},
title = {The supertabular environment},
shorttitle = {Supertabular Paket},
year = {2004},
url = {http://tug.ctan.org/tex-archive/macros/latex/contrib/supertabular},
urldate = {17.12.2012}
}

@WWW{Fio:alg,
author = {Christophe Fiorio},
title = {algorithm2e.sty -- package for algorithms (release 5.0)},
shorttitle = {Algorithm2e Paket (release 5.0)},
year = {2013},
url = {http://www.ctan.org/tex-archive/macros/latex/contrib/algorithm2e},
urldate = {27.01.2013}
}

@book{MG:lat,
author = {Frank Mittelbach and Michel Goossens},
title = {Der \LaTeX-Begleiter},
shorttitle = {\LaTeX-Begleiter},
publisher = {Pearson Studium},
address= {M\"unchen},
year = {2005},
edition = {2.},
isbn = {978-3-8273-7166-9}
}

@book{Lin:lat,
author = {Anselm Lingnau},
title = {\LaTeX{} Hacks -- Tipps \& Techniken f\"ur professionellen Textsatz},
shorttitle = {\LaTeX-Hacks},
publisher = {O'Reilly},
address= {K\"oln},
year = {2007},
isbn = {978-3-89721-477-4}
}

@book{Dud:SAS,
author = {Duden-Taschenb\"ucher},
title = {Schriftliche Arbeiten im technisch-naturwissenschaftlichen Studium},
shorttitle = {Schriftliche Arbeiten},
publisher = {Dudenverlag},
address= {Mannheim, Leipzig, M\"unchen, Z\"urich},
year = {1997},
isbn = {3-411-06271-1}
}

@book{Knu:tex,
author = {Donald E. Knuth},
title = {The \TeX{}book, Band A von Computers and Typesetting},
shorttitle = {\TeX{}book},
publisher = {Addison Wesley Pub Co Inc},
address= {MA, USA},
year = {1986},
isbn = {978-0201134476}
}

@WWW{Bar:Typ,
author = {Frank Barth},
title = {Typographie},
shorttitle = {Typographie},
year = {2008},
url = {http://bis2008.frankbarth.de/pdf/TypoLayout_1.pdf},
urldate = {22.04.2013}
}

@book{Tes:FvK,
author = {Helmut Teschner},
title = {Fachw\"orterbuch für visuelle Kommunikation und Drucktechnik},
shorttitle = {Fachw\"orterbuch für visuelle Kommunikation und Drucktechnik},
publisher = {Ott Verlag + Druck AG Thun},
year = {1995},
}

